@book{hastie_tibshirani_friedman_2013, place={New York}, title={The elements of statistical learning: data mining, inference, and prediction}, publisher={Springer}, author={Hastie, Trevor and Tibshirani, Robert and Friedman, Jerome H.}, year={2013}}

@MISC {2482654,
    TITLE = {What is the general form of a polynomial of degree n and with m variables?},
    AUTHOR = {Macavity (https://math.stackexchange.com/users/58320/macavity)},
    HOWPUBLISHED = {Mathematics Stack Exchange},
    NOTE = {URL:https://math.stackexchange.com/q/2482654 (version: 2017-10-21)},
    EPRINT = {https://math.stackexchange.com/q/2482654},
    URL = {https://math.stackexchange.com/q/2482654}
} 

@misc{earthexplorer, title={EarthExplorer}, url={https://earthexplorer.usgs.gov/}, journal={EarthExplorer}, publisher={United States Geological Survey}} 
