@misc{numpy, title={NumPy 1.17.4}, howpublished={https://numpy.org/}, journal={NumPy}}
@misc{scipy, title={SciPy 1.3.1}, howpublished={https://scipy.org/}, journal={SciPy}}
@misc{matplotlib, title={Matplotlib 3.1.1}, howpublished={https://matplotlib.org/}, journal={Matplotlib}}
@misc{pandas, title={Pandas 0.24.2}, howpublished={https://pandas.pydata.org}, journal={Pandas}}
@misc{scikit-learn, title={scikit-learn 0.21.2}, howpublished={https://scikit-learn.org}, journal={scikit-learn}}
@misc{pygam, title={pyGAM 0.8.0}, howpublished={https://pygam.readthedocs.io/en/latest/}, journal={pyGAM}}