@inproceedings{NNWsunshine,
  doi = {10.1109/pes.2005.1489526},
  url = {https://doi.org/10.1109/pes.2005.1489526},
  publisher = {{IEEE}},
  author = {A. Mellit and M. Benghanem and M. Bendekhis},
  title = {Artificial neural network model for prediction solar radiation data: application for sizing stand-alone photovoltaic power system},
  booktitle = {{IEEE} Power Engineering Society General Meeting,  2005}
}

@article{CCdata,
  doi = {10.1016/j.eswa.2007.12.020},
  url = {https://doi.org/10.1016/j.eswa.2007.12.020},
  year = {2009},
  month = mar,
  publisher = {Elsevier {BV}},
  volume = {36},
  number = {2},
  pages = {2473--2480},
  author = {I-Cheng Yeh and Che-hui Lien},
  title = {The comparisons of data mining techniques for the predictive accuracy of probability of default of credit card clients},
  journal = {Expert Systems with Applications}
}

@misc{1,
  title = {\text{Classification for Credit Card Default, by Theos Evgeniou and Spyros Zoumpoulis}},
  number = {1},
  url = {http://inseaddataanalytics.github.io/INSEADAnalytics/CourseSessions/ClassificationProcessCreditCardDefault.html},
  note = {Accessed: 26. October, 2019}
}

@misc{2,
  title = {\text{Classification Accuracy is Not Enough: More Performance Measures You Can Use By Jason Brownlee}},
  number = {2},
  url = {https://machinelearningmastery.com/classification-accuracy-is-not-enough-more-performance-measures-you-can-use},
  note = {March 21, 2014 in Machine Learning Process. Accessed: 1. November, 2019}
}

@misc{3,
  title = {\text{Cumulative Gain Chart, from MLWiki.}},
  number = {3},
  url = {http://mlwiki.org/index.php/Cumulative_Gain_Chart?fbclid=IwAR3A1DXh0fi6wnB9NeDhzEvajKk7n9JYzr274NLTK0uq6YT9cn2l239TrpY},
  note = {Accessed: 1. November, 2019}
}

@misc{4,
  title = {\text{FYS-STK4155 Project 1 at UiO, by G. S. Cabrera and B. S. Dalen}},
  number = {4},
  url = {https://github.com/GabrielSCabrera/MachineLearning/tree/master/FYS-STK4155/Project_1},
  note = {Accessed: 7. November, 2019}
}

@misc{5,
  title = {\text{FYS-STK4155 Project 1 at UiO, by S. H. Magnússon and S. Håpnes}},
  number = {5},
  url = {https://github.com/steinnhauser/Neural-Networks/tree/master/FYS-STK4155/Project1},
  note = {Accessed: 7. November, 2019}
}

@misc{6,
  title = {\text{'Gains vs ROC curves. Do you understand the difference?' by Tomáš Jurczyk}},
  number = {6},
  url = {https://community.tibco.com/wiki/gains-vs-roc-curves-do-you-understand-difference?fbclid=IwAR3rjkh7DYlRvQ4N752\\JuwmrvLL_zqRcaBIq4U2YLVT9RZSNJdJu-MAlyvw},
  note = {Accessed: 8. November, 2019}
}


@article{NNWfacedetection,
  doi = {10.1109/34.655647},
  url = {https://doi.org/10.1109/34.655647},
  year = {1998},
  publisher = {Institute of Electrical and Electronics Engineers ({IEEE})},
  volume = {20},
  number = {1},
  pages = {23--38},
  author = {H.A. Rowley and S. Baluja and T. Kanade},
  title = {Neural network-based face detection},
  journal = {{IEEE} Transactions on Pattern Analysis and Machine Intelligence}
}

@inproceedings{ReLUImagenet,
  title={Imagenet classification with deep convolutional neural networks},
  author={Krizhevsky, Alex and Sutskever, Ilya and Hinton, Geoffrey E},
  booktitle={Advances in neural information processing systems},
  pages={1097--1105},
  year={2012}
}

@inproceedings{He2015,
  doi = {10.1109/iccv.2015.123},
  url = {https://doi.org/10.1109/iccv.2015.123},
  year = {2015},
  month = dec,
  publisher = {{IEEE}},
  author = {Kaiming He and Xiangyu Zhang and Shaoqing Ren and Jian Sun},
  title = {Delving Deep into Rectifiers: Surpassing Human-Level Performance on {ImageNet} Classification},
  booktitle = {2015 {IEEE} International Conference on Computer Vision ({ICCV})}
}


@misc{nielsenneural,
  added-at = {2019-01-15T22:46:49.000+0100},
  author = {Nielsen, Michael A.},
  biburl = {https://www.bibsonomy.org/bibtex/274383acee84241145ff4ffede9658206/slicside},
  interhash = {04d527cadd39f888fc3babcad3343362},
  intrahash = {74383acee84241145ff4ffede9658206},
  keywords = {ba-2018-hahnrico},
  publisher = {Determination Press},
  timestamp = {2019-01-15T22:46:49.000+0100},
  title = {Neural Networks and Deep Learning},
  type = {misc},
  url = {http://neuralnetworksanddeeplearning.com/},
  year = 2018
}

@incollection{breastcancer,
  doi = {10.1007/978-3-319-18833-1_42},
  url = {https://doi.org/10.1007/978-3-319-18833-1_42},
  year = {2015},
  publisher = {Springer International Publishing},
  pages = {399--408},
  author = {Juan Fombellida and Santiago Torres-Alegre and Juan Antonio Pi{\~{n}}uela-Izquierdo and Diego Andina},
  title = {Artificial Metaplasticity for Deep Learning: Application to {WBCD} Breast Cancer Database Classification},
  booktitle = {Lecture Notes in Computer Science}
}

@webpage{lecturenotes,
  Author = {Morten, Hjorth-Jensen},
  Title = {Lecture Notes Fall 2015},
  Year = {2015},
  URL = {https://compphysics.github.io/MachineLearning/doc/web/course.html}
}

@MISC {stackexchangeminimum,
    TITLE = {How can stochastic gradient descent avoid the problem of a local minimum?},
    AUTHOR = {user39663},
    HOWPUBLISHED = {Cross Validated},
    NOTE = {URL:https://stats.stackexchange.com/q/144631 (version: 2015-04-03)},
    EPRINT = {https://stats.stackexchange.com/q/144631},
    URL = {https://stats.stackexchange.com/q/144631}
}
